<record><leader>00000cas a2200000 a 4500</leader><controlfield tag="001">9651208</controlfield><controlfield tag="007">cr |||||||||||</controlfield><controlfield tag="008">830628c19039999miuzn ne      0   a0eng c</controlfield><controlfield tag="009">467</controlfield><datafield ind1=" " ind2=" " tag="010"><subfield code="a">sn 83009192 </subfield></datafield><datafield ind1=" " ind2=" " tag="040"><subfield code="a">NSD</subfield><subfield code="b">eng</subfield><subfield code="c">NSD</subfield><subfield code="d">MHN</subfield><subfield code="d">OCL</subfield><subfield code="d">NYS</subfield><subfield code="d">OCLCQ</subfield><subfield code="d">CRL</subfield><subfield code="d">CUS</subfield><subfield code="d">OCLCQ</subfield><subfield code="d">OCLCF</subfield></datafield><datafield ind1=" " ind2=" " tag="012"><subfield code="k">1</subfield><subfield code="m">1</subfield></datafield><datafield ind1="1" ind2=" " tag="022"><subfield code="a">0745-967X</subfield><subfield code="l">0745-967X</subfield><subfield code="2">1</subfield></datafield><datafield ind1="1" ind2=" " tag="029"><subfield code="a">AU@</subfield><subfield code="b">000020415903</subfield></datafield><datafield ind1=" " ind2=" " tag="032"><subfield code="a">344900</subfield><subfield code="b">USPS</subfield></datafield><datafield ind1=" " ind2=" " tag="037"><subfield code="b">The Michigan Daily, 420 Maynard St., Ann Arbor, MI 48109</subfield></datafield><datafield ind1=" " ind2=" " tag="042"><subfield code="a">pcc</subfield></datafield><datafield ind1="1" ind2="4" tag="050"><subfield code="a">AP2</subfield></datafield><datafield ind1="0" ind2=" " tag="130"><subfield code="a">Michigan daily (Ann Arbor, Mich. : 1903)</subfield></datafield><datafield ind1=" " ind2="4" tag="222"><subfield code="a">The Michigan daily</subfield></datafield><datafield ind1="0" ind2="4" tag="245"><subfield code="a">The Michigan daily.</subfield></datafield><datafield ind1="1" ind2=" " tag="246"><subfield code="a">U. of M. daily</subfield></datafield><datafield ind1="1" ind2=" " tag="246"><subfield code="a">University of Michigan daily</subfield></datafield><datafield ind1=" " ind2=" " tag="260"><subfield code="a">[Ann Arbor, Mich. :</subfield><subfield code="b">S. Emory Thomason, ed.</subfield></datafield><datafield ind1=" " ind2=" " tag="310"><subfield code="a">Mon.-Fri., Fall and winter terms</subfield><subfield code="b">Sept. 5, 1985-</subfield></datafield><datafield ind1=" " ind2=" " tag="321"><subfield code="a">Daily (except Mon.)</subfield><subfield code="b">Sept. 29, 1903-Apr. 23, 1985.</subfield></datafield><datafield ind1="0" ind2=" " tag="362"><subfield code="a">Vol. 14, no. 1 (Sept. 29, 1903)-</subfield></datafield><datafield ind1=" " ind2=" " tag="500"><subfield code="a">Publication suspends for summer terms: 1903-1909.</subfield></datafield><datafield ind1=" " ind2=" " tag="580"><subfield code="a">J-hop ed. : Michigan daily (Ann Arbor, Mich. : J-hop ed.).</subfield></datafield><datafield ind1=" " ind2=" " tag="580"><subfield code="a">Summer ed. : Wolverine, June 25, 1910-Aug. 23, 1921; Summer Michigan daily, June 16, 1922-Aug. 15, 1931; Michigan daily (Ann Arbor, Mich. : 1932 : Summer), June 27, 1932-Aug. 9, 1985; Michigan daily summer weekly, May 8, 1987-</subfield></datafield><datafield ind1="2" ind2="0" tag="610"><subfield code="a">University of Michigan</subfield><subfield code="v">Newspapers.</subfield></datafield><datafield ind1=" " ind2="0" tag="651"><subfield code="a">Ann Arbor (Mich.)</subfield><subfield code="v">Newspapers.</subfield></datafield><datafield ind1=" " ind2="0" tag="651"><subfield code="a">Washtenaw County (Mich.)</subfield><subfield code="v">Newspapers.</subfield></datafield><datafield ind1=" " ind2="7" tag="655"><subfield code="a">Newspapers.</subfield><subfield code="2">fast</subfield><subfield code="0">(OCoLC)fst01423814</subfield></datafield><datafield ind1="2" ind2="7" tag="610"><subfield code="a">University of Michigan.</subfield><subfield code="2">fast</subfield><subfield code="0">(OCoLC)fst00530384</subfield></datafield><datafield ind1=" " ind2="7" tag="651"><subfield code="a">Michigan</subfield><subfield code="z">Ann Arbor.</subfield><subfield code="2">fast</subfield><subfield code="0">(OCoLC)fst01204587</subfield></datafield><datafield ind1=" " ind2="7" tag="651"><subfield code="a">Michigan</subfield><subfield code="z">Washtenaw County.</subfield><subfield code="2">fast</subfield><subfield code="0">(OCoLC)fst01214739</subfield></datafield><datafield ind1="2" ind2=" " tag="710"><subfield code="a">University of Michigan.</subfield></datafield><datafield ind1=" " ind2=" " tag="752"><subfield code="a">United States</subfield><subfield code="b">Michigan</subfield><subfield code="c">Washtenaw</subfield><subfield code="d">Ann Arbor.</subfield></datafield><datafield ind1="0" ind2=" " tag="772"><subfield code="t">Senior law docket</subfield><subfield code="w">(DLC)sn 97063198</subfield><subfield code="w">(OCoLC)37682428</subfield></datafield><datafield ind1="1" ind2=" " tag="775"><subfield code="t">Wolverine</subfield><subfield code="w">(DLC)sn 97063400</subfield><subfield code="w">(OCoLC)37687069</subfield></datafield><datafield ind1="1" ind2=" " tag="775"><subfield code="t">Summer Michigan daily</subfield><subfield code="w">(DLC)sn 97063394</subfield><subfield code="w">(OCoLC)37682845</subfield></datafield><datafield ind1="1" ind2=" " tag="775"><subfield code="t">Michigan daily (Ann Arbor, Mich. : 1932 : Summer)</subfield><subfield code="w">(DLC)sn 97063396</subfield><subfield code="w">(OCoLC)37660492</subfield></datafield><datafield ind1="1" ind2=" " tag="775"><subfield code="t">Michigan daily summer weekly</subfield><subfield code="w">(DLC)sn 97063395</subfield><subfield code="w">(OCoLC)37661928</subfield></datafield><datafield ind1="1" ind2=" " tag="775"><subfield code="t">Michigan daily (Ann Arbor, Mich. : J-hop ed.)</subfield><subfield code="w">(DLC)sn 97070749</subfield><subfield code="w">(OCoLC)37660771</subfield></datafield><datafield ind1="0" ind2="8" tag="776"><subfield code="i">Online version: 60621424</subfield><subfield code="t">Mexico business monthly (Online)</subfield><subfield code="w">(OCoLC)60621424</subfield></datafield><datafield ind1="0" ind2="0" tag="780"><subfield code="t">Michigan daily-news</subfield><subfield code="w">(DLC)sn 97063392</subfield><subfield code="w">(OCoLC)37661736</subfield></datafield><datafield ind1="0" ind2="8" tag="776"><subfield code="i">Online version:</subfield><subfield code="t">Michigan daily (Ann Arbor, Mich. : 1903)</subfield><subfield code="w">(OCoLC)923790299</subfield></datafield></record>